<record><leader>00000cas a2200000 a 4500</leader><controlfield tag="001">45847612</controlfield><controlfield tag="008">010205c20019999wiuwr n  w    0   a0eng c</controlfield><datafield ind1=" " ind2=" " tag="010"><subfield code="a">  2001211587</subfield></datafield><datafield ind1=" " ind2=" " tag="040"><subfield code="a">GZL</subfield><subfield code="b">eng</subfield><subfield code="c">GZL</subfield><subfield code="d">NSD</subfield><subfield code="d">OCLCQ</subfield><subfield code="d">OCLCF</subfield><subfield code="d">OCLCO</subfield></datafield><datafield ind1=" " ind2=" " tag="012"><subfield code="m">y</subfield></datafield><datafield ind1="0" ind2=" " tag="022"><subfield code="a">1534-1917</subfield><subfield code="l">1534-1917</subfield><subfield code="y">1085-8458</subfield><subfield code="2">1</subfield></datafield><datafield ind1="1" ind2=" " tag="029"><subfield code="a">AU@</subfield><subfield code="b">000022442617</subfield></datafield><datafield ind1="1" ind2=" " tag="029"><subfield code="a">NZ1</subfield><subfield code="b">16068376</subfield></datafield><datafield ind1=" " ind2=" " tag="032"><subfield code="a">000857</subfield><subfield code="b">USPS</subfield></datafield><datafield ind1=" " ind2=" " tag="042"><subfield code="a">nsdp</subfield><subfield code="a">pcc</subfield></datafield><datafield ind1=" " ind2=" " tag="043"><subfield code="a">n-us-wi</subfield></datafield><datafield ind1=" " ind2="4" tag="050"><subfield code="a">KFW2447</subfield><subfield code="b">.W57</subfield></datafield><datafield ind1="1" ind2="0" tag="082"><subfield code="a">347</subfield><subfield code="2">13</subfield></datafield><datafield ind1="0" ind2=" " tag="210"><subfield code="a">Wis. law j.</subfield></datafield><datafield ind1=" " ind2="0" tag="222"><subfield code="a">Wisconsin law journal</subfield></datafield><datafield ind1="0" ind2="0" tag="245"><subfield code="a">Wisconsin law journal.</subfield></datafield><datafield ind1=" " ind2=" " tag="260"><subfield code="a">Milwaukee, Wis. :</subfield><subfield code="b">Daily Reporter Pub. Co.,</subfield><subfield code="c">c2001-</subfield></datafield><datafield ind1=" " ind2=" " tag="300"><subfield code="a">v. ;</subfield><subfield code="c">28 cm.</subfield></datafield><datafield ind1=" " ind2=" " tag="310"><subfield code="a">Weekly</subfield></datafield><datafield ind1="0" ind2=" " tag="362"><subfield code="a">Vol. 15, no. 5 (Jan. 31, 2001)-</subfield></datafield><datafield ind1=" " ind2=" " tag="500"><subfield code="a">Title from caption.</subfield></datafield><datafield ind1=" " ind2=" " tag="500"><subfield code="a">"Section Two contains the full texts of important opinions from the U.S. Seventh Circuit Court of Appeals, U.S. District Courts (E. and W. Districts), Bankruptcy Courts (E. and W. Districts), and all Wisconsin Supreme Court and Wisconsin Court of Appeals opinions, as well as Judicial Commission complaints and petitions"--P. [1C].</subfield></datafield><datafield ind1=" " ind2="0" tag="650"><subfield code="a">Law reports, digests, etc.</subfield><subfield code="z">Wisconsin.</subfield></datafield><datafield ind1=" " ind2="7" tag="650"><subfield code="a">Law reports, digests, etc.</subfield><subfield code="2">fast</subfield><subfield code="0">(OCoLC)fst00994106</subfield></datafield><datafield ind1=" " ind2="7" tag="651"><subfield code="a">Wisconsin.</subfield><subfield code="2">fast</subfield><subfield code="0">(OCoLC)fst01204595</subfield></datafield><datafield ind1="1" ind2=" " tag="710"><subfield code="a">Wisconsin.</subfield><subfield code="b">Supreme Court.</subfield></datafield><datafield ind1="1" ind2=" " tag="710"><subfield code="a">Wisconsin.</subfield><subfield code="b">Court of Appeals.</subfield></datafield><datafield ind1="0" ind2="0" tag="780"><subfield code="t">Wisconsin opinions (Milwaukee, Wis.)</subfield><subfield code="x">1085-8458</subfield><subfield code="w">(DLC)  2001211587</subfield><subfield code="w">(OCoLC)33316119</subfield></datafield></record>